@inproceedings{ BigTable,
 author = {Chang, Fay and Dean, Jeffrey and Ghemawat, Sanjay and Hsieh, Wilson C. and Wallach, Deborah A. and Burrows, Mike and Chandra, Tushar and Fikes, Andrew and Gruber, Robert E.},
 title = {Bigtable: a distributed storage system for structured data},
 booktitle = {OSDI '06: Proceedings of the 7th symposium on Operating systems design and implementation},
 year = {2006},
 isbn = {1-931971-47-1},
 pages = {205--218},
 location = {Seattle, Washington},
 publisher = {USENIX Association},
 address = {Berkeley, CA, USA},
 }


@Article{ MapReduce,
	author = "Jeffrey Dean and Sanjay Ghemawat",
	title = "{MapReduce: Simplified Data Processing on Large Clusters}",
	journal = "Commun. ACM",
	volume = "51",
	number = "1",
	year = "2008",
	issn = "0001-0782",
	pages = "107--113",
	doi = "http://doi.acm.org/10.1145/1327452.1327492",
	publisher = "ACM",
	address = "New York, NY, USA"
}

@TechReport{ Thrift,
	author = "Mark Slee and Aditya Agarwel and Marc Kwiatkowski",
	title = "Thrift: Scalable Cross-Language Services Implementation",
	institution = "Facebook",
	month = "April",
	year = "2007"
}

@Article{ GilbertLynch,
	title = "Brewerâ€™s Conjecture and the Feasibility of Consistent, Available, Partition-Tolerant Web Services",
	author = "Seth Gilbert and Nancy Lynch",
	pages = "12",
	year = "2002"
}

@Article{ Codd,
	author = "E. F. Codd",
	title = "A relational model of data for large shared data banks",
	journal = "Commun. ACM",
	volume = "13",
	number = "6",
	year = "1970",
	issn = "0001-0782",
	pages = "377--387",
	doi = "http://doi.acm.org/10.1145/362384.362685",
	publisher = "ACM",
	address = "New York, NY, USA"
}

@Article{ CoddCodd,
	title = {Providing {OLAP} (On-line Analytical Processing) to User-Analysts: An {IT} Mandate},
	author = "E.F. Codd and S.B. Codd and C.T. Salley",
	journal = "Codd \& Date, Inc ",
	year = "1993"
}

@Article{ Jenkins,
	title = "Hash Functions",
	author = "Bob Jenkins",
	journal = "Dr. Dobbs Journal",
	month = sep,
	year = "1997",
	pages = "107--109,115--116"
}

@InProceedings{ Copeland,
	author = "George P. Copeland and Setrag N. Khoshafian",
	title = "A decomposition storage model",
	booktitle = "SIGMOD '85: Proceedings of the 1985 ACM SIGMOD international conference on Management of data",
	year = "1985",
	isbn = "0-89791-160-1",
	pages = "268--279",
	location = "Austin, Texas, United States",
	doi = "http://doi.acm.org/10.1145/318898.318923",
	publisher = "ACM",
	address = "New York, NY, USA"
}

@TechReport{ Cassandra,
	title = "Cassandra - A Decentralized Structured Storage System",
	author = "Avinash Lakshman and Prashant Malik",
	institution = "Cornell University",
	year = "2009"
}

@Article{ Vogels,
	title = "Eventuaprlly Consistent",
	author = "W. Vogels",
	journal = "ACM Queue",
	volume = "6",
	number = "6",
	month = dec,
	year = "2008"
}

@inproceedings{ Dynamo,
 author = {DeCandia, Giuseppe and Hastorun, Deniz and Jampani, Madan and Kakulapati, Gunavardhan and Lakshman, Avinash and Pilchin, Alex and Sivasubramanian, Swaminathan and Vosshall, Peter and Vogels, Werner},
 title = {Dynamo: amazon's highly available key-value store},
 booktitle = {SOSP '07: Proceedings of twenty-first ACM SIGOPS symposium on Operating systems principles},
 year = {2007},
 isbn = {978-1-59593-591-5},
 pages = {205--220},
 location = {Stevenson, Washington, USA},
 doi = {http://doi.acm.org/10.1145/1294261.1294281},
 publisher = {ACM},
 address = {New York, NY, USA},
}

